@book{goodBadNewsTweetDataset,
    author = "Puish Aggarwal",
    title = "goodBadNewsTweet",
    url = {https://github.com/aggarwalpiush/goodBadNewsTweet}
}
